<?xml version="1.0" encoding="UTF-8"?><record xmlns="http://www.loc.gov/MARC21/slim" xmlns:cinclude="http://apache.org/cocoon/include/1.0" xmlns:zs="http://www.loc.gov/zing/srw/">
  <leader>00391nz  a2200121n  4500</leader>
  <controlfield tag="001">n  99003610 </controlfield>
  <controlfield tag="003">DLC</controlfield>
  <controlfield tag="005">19990114144506.2</controlfield>
  <controlfield tag="008">990114n| acannaab|          |n aaa |||  </controlfield>
  <datafield tag="010" ind1=" " ind2=" ">
    <subfield code="a">n  99003610 </subfield>
  </datafield>
  <datafield tag="040" ind1=" " ind2=" ">
    <subfield code="a">DLC</subfield>
    <subfield code="c">DLC</subfield>
  </datafield>
  <datafield tag="100" ind1="1" ind2="0">
    <subfield code="a">Young, Robert L.</subfield>
    <subfield code="q">(Robert Louis),</subfield>
    <subfield code="d">1949-</subfield>
  </datafield>
  <datafield tag="670" ind1=" " ind2=" ">
    <subfield code="a">Understanding misunderstandings, 1999:</subfield>
    <subfield code="b">CIP t.p. (Robert L. Young) data sheet (Robert Louis Young; b. 27 May 1949)</subfield>
  </datafield>
</record>